<record><leader>00000cas a22000007a 4500</leader><controlfield tag="001">12777745</controlfield><controlfield tag="008">851109d19131978ohusr ne      0    0hun d</controlfield><datafield ind1=" " ind2=" " tag="010"><subfield code="a">sn 85038580 </subfield></datafield><datafield ind1=" " ind2=" " tag="040"><subfield code="a">NPY</subfield><subfield code="b">eng</subfield><subfield code="c">NPY</subfield><subfield code="d">OCLCQ</subfield></datafield><datafield ind1=" " ind2=" " tag="042"><subfield code="a">msc</subfield></datafield><datafield ind1="0" ind2="0" tag="245"><subfield code="a">Lorain e&#769;s vide&#769;ke =</subfield><subfield code="b">Lorain &amp; vicinity.</subfield></datafield><datafield ind1="3" ind2="1" tag="246"><subfield code="a">Lorain &amp; vicinity</subfield></datafield><datafield ind1=" " ind2=" " tag="260"><subfield code="a">Lorain, Ohio :</subfield><subfield code="b">[M.M. Barta]</subfield></datafield><datafield ind1=" " ind2=" " tag="300"><subfield code="a">v. :</subfield><subfield code="b">ill. ;</subfield><subfield code="c">56 cm.</subfield></datafield><datafield ind1=" " ind2=" " tag="310"><subfield code="a">Semimonthly,</subfield><subfield code="b">Apr. 28, 1967-&lt;1978&gt;</subfield></datafield><datafield ind1=" " ind2=" " tag="321"><subfield code="a">Weekly,</subfield><subfield code="b">&lt;1913&gt;-Apr. 21, 1967</subfield></datafield><datafield ind1="1" ind2=" " tag="362"><subfield code="a">Began in 1913.</subfield><subfield code="z">Cf. Wynar, L. Encyclopedic guide of ethnic newspapers, 1972.</subfield></datafield><datafield ind1="1" ind2=" " tag="362"><subfield code="a">Ceased in 1978</subfield><subfield code="z">Cf. Ayer, 1978.</subfield></datafield><datafield ind1=" " ind2=" " tag="500"><subfield code="a">Publishers: M. Mihaly Barta, &lt;1913-1934&gt;; Rosa Barta, &lt;1934&gt;-1952; Bodnar P. Lajos, 1952-1976.</subfield></datafield><datafield ind1=" " ind2=" " tag="515"><subfield code="a">Some issues misnumbered.</subfield></datafield><datafield ind1=" " ind2=" " tag="546"><subfield code="a">In Hungarian.</subfield></datafield><datafield ind1=" " ind2=" " tag="588"><subfield code="a">Description based on: Vol. 25, no. 1 (Jan. 7, 1938).</subfield></datafield><datafield ind1="1" ind2=" " tag="700"><subfield code="a">Barta, Michael M.</subfield></datafield><datafield ind1=" " ind2=" " tag="752"><subfield code="a">United States</subfield><subfield code="b">Ohio</subfield><subfield code="c">Lorain</subfield><subfield code="d">Lorain.</subfield></datafield><datafield ind1="1" ind2=" " tag="029"><subfield code="a">AU@</subfield><subfield code="b">000025795058</subfield></datafield></record>